@incollection{Shabaykin:2017,
  author      = {Георгиевский, Д. В. and Шабайкин, Р. Р.},
  title       = {Квазистатическое и динамическое сдавливание плоского круглого идеальнопластического слоя жёсткими плитами},
  booktitle   = {Математическое моделирование и экспериментальная механика деформируемого твёрдого тела},
  year        = {2017},
  publisher   = {Изд-во ТвГТУ},
  address     = {Тверь},
  volume      = {1},
  pages       = {56-63},
  language    = {russian},
  authorother = {true}
}

@incollection{Shabaykin:2018a,
  author      = {Шабайкин, Р. Р.},
  title       = {Внутреннее разложение в осесимметричной задче Прандтля и возможность его сшивки с внешним},
  booktitle   = {Математическое моделирование и экспериментальная механика деформируемого твёрдого тела},
  year        = {2018},
  publisher   = {Изд-во ТвГТУ},
  address     = {Тверь},
  volume      = {2},
  pages       = {103-106},
  language    = {russian},
  authorother = {true}
}

@inproceedings{Shabaykin:2018b,
  author     = {Шабайкин, Р. Р.},
  title      = {Динамические эффекты деформирования пластического слоя между жесткими цилиндрами},
  booktitle  = {Гагаринские чтения – 2018: XLIV Международная молодёжная научная конференция: Сборник тезисов докладов},
  year       = {2018},
  volume     = {3},
  pages      = {434--434},
  language   = {russian},
  authorconf = {true}
}

@article{Shabaykin:2020a,
  author    = {Шабайкин, Р. Р.},
  title     = {Динамические эффекты деформированияпри сжатии-стоке асимптотически тонкого идеально жесткопластического сферического слоя},
  journal   = {Изв. РАН. МТТ.},
  year      = {2020},
  number    = {2},
  pages     = {22-27},
  language  = {russian},
  authorwos = {true}
}

@article{Shabaykin:2020b,
  author    = {Шабайкин, Р. Р.},
  title     = {Динамические эффекты деформирования тонкого пластического слоя между сближающимися жесткими цилиндрами},
  journal   = {Вестник МГУ. Сер. 1. Математика, механика.},
  year      = {2020},
  number    = {4},
  pages     = {29-37},
  language  = {russian},
  authorvak = {true}
}

@incollection{Shabaykin:2021,
  author    = {Georgievskii, D. and Shabaykin, R.},
  title     = {Quasistatic and Dynamic Deformation of an Asymptotically Thin Perfectly Rigid-Plastic Spherical Layer},
  booktitle = {Multiscale Solid Mechanics. Advanced Structured Materials},
  year      = {2021},
  volume    = {141},
  pages     = {155--161},
  language  = {english},
  authorwos = {true}
}