@article{Agamirzyan:1962,
  author   = {Агамирзян, Л. С.},
  title    = {Продольное и поперечное сжатие пластической полосы},
  journal  = {Инженерный журнал},
  year     = {1962},
  volume   = {2},
  number   = {6},
  pages    = {311-324},
  language = {russian}
}

@book{Arkulis:1964,
  author    = {Аркулис, Г. Э.},
  title     = {Совместная пластическая деформация разных металлов},
  year      = {1964},
  publisher = {Металлургия},
  address   = {М.},
  numpages  = {271},
  language  = {russian}
}

@article{Arutyunov:1963,
  author   = {Арутюнов, Ю. С. and Гонор, А. Л.},
  title    = {Осаживание тонких поковок произвольной формы в плане},
  journal  = {Изв. АН СССР. ОТН. Мех. и машиностр.},
  year     = {1963},
  number   = {1},
  pages    = {166-171},
  language = {russian}
}

@article{Bikovcev:1960,
  author   = {Быковцев, Г. И.},
  title    = {О сжатии пластического слоя жесткими шероховатыми плитами с учетом сил инерции},
  journal  = {Изв. АН СССР. ОТН. Мех. и машиностр.},
  year     = {1960},
  number   = {6},
  pages    = {1082-1084},
  language = {russian}
}

@article{Bikovcev:1964,
  author   = {Быковцев, Г. И.},
  title    = {О сжатии анизотропного упрочняющегося пластического слоя шероховатыми плитами},
  journal  = {Докл. АН СССР},
  year     = {1964},
  volume   = {157},
  number   = {1},
  pages    = {66-68},
  language = {russian}
}

@book{Bikovcev:1998,
  author    = {Быковцев, Г. И. and Ивлев, Д. Д.},
  title     = {Теория пластичности},
  year      = {1998},
  publisher = {Дальнаука},
  address   = {Владивосток},
  numpages  = {528},
  language  = {russian}
}

@article{Bodunov:2013,
  author   = {Бодунов, М. А. and Бодунов, Д. М. and Бородин, И. В.},
  title    = {Течение тонкого слоя пластически анизотропного материала по поверхности упругого полупространства},
  journal  = {Известия МГТУ},
  year     = {2013},
  volume   = {15},
  number   = {1},
  pages    = {13-18},
  language = {russian}
}

@book{Browman:1965,
  author    = {Бровман, М. Я.},
  title     = {Применение теории пластичности в прокатке},
  year      = {1965},
  publisher = {Металлургия},
  address   = {М.},
  numpages  = {265},
  language  = {russian}
}

@article{Dudukalenko:1963,
  author   = {Дудукаленко, В. В. and Ивлев, Д. Д.},
  title    = {О сжатии полосы из упрочняющегося пластического материала жесткими шероховатыми плитами},
  journal  = {Докл. АН СССР},
  year     = {1963},
  volume   = {153},
  number   = {5},
  pages    = {1024-1026},
  language = {russian}
}

@incollection{Ershov:1982,
  author    = {Ершов, Л. В. and Ивлев, Д. Д. and Романов, А. В.},
  title     = {Об обобщении решения Прандтля о сжатии пластического слоя шероховатыми плитами},
  booktitle = {Современные проблемы механики и авиации},
  year      = {1982},
  publisher = {Машиностроение},
  address   = {М.},
  pages     = {137-144},
  language  = {russian}
}

@book{Geniev:1981,
  author    = {Гениев, Г. Л. and Лейтес, В. С.},
  title     = {Вопросы механики неупругих тел},
  year      = {1981},
  publisher = {Стройиздат},
  address   = {М.},
  numpages  = {160},
  language  = {russian}
}

@article{Georgievsky:2008,
  author   = {Георгиевский, Д. В.},
  title    = {Об осесимметричном аналоге задачи Прандтля},
  journal  = {Докл. РАН},
  year     = {2008},
  volume   = {422},
  number   = {3},
  pages    = {331-333},
  language = {russian}
}

@article{Georgievsky:2009,
  author   = {Георгиевский, Д. В.},
  title    = {Асимптотические разложения и возможности отказа от гипотез в задаче Прандтля},
  journal  = {Изв. РАН. МТТ.},
  year     = {2009},
  number   = {1},
  pages    = {83-93},
  language = {russian}
}

@article{Georgievsky:2010,
  author   = {Георгиевский, Д. В.},
  title    = {Асимптотический анализ пластического течения вдоль образующей в тонком цилиндрическом слое},
  journal  = {Журн. прикл. механики и техн. физики},
  year     = {2010},
  volume   = {51},
  number   = {5},
  pages    = {111-119},
  language = {russian}
}

@article{Georgievsky:2011,
  author   = {Георгиевский, Д. В.},
  title    = {Сжатие-сток асимптотически тонкого идеально жесткопластического сферического слоя},
  journal  = {Вестник МГУ. Сер. 1. Математика, механика.},
  year     = {2011},
  number   = {6},
  pages    = {65-67},
  language = {russian}
}

@article{Georgievsky:2012,
  author   = {Георгиевский, Д. В. and Юшутин, В. С.},
  title    = {Квазистатическое сжатие и растекание асимптотически тонкого нелинейно-вязкопластического слоя},
  journal  = {Журн. прикл. механики и техн. физики},
  year     = {2012},
  volume   = {53},
  number   = {3},
  pages    = {150-157},
  language = {russian}
}

@article{Georgievsky:2013,
  author   = {Георгиевский, Д. В.},
  title    = {Асимптотическое интегрирование задачи Прандтля в динамической постановке},
  journal  = {Изв. РАН. МТТ.},
  year     = {2013},
  number   = {1},
  pages    = {97-105},
  language = {russian}
}

@article{Georgievsky:2019,
  author   = {Georgievskii D.V., Mueller W.H., Abali B.E.},
  title    = {Thin-layer inertial effects in plasticity and dynamics in the Prandtl problem},
  journal  = {ZAMM},
  year     = {2019},
  volume   = {99},
  number   = {12},
  pages    = {1-11},
  language = {english}
}

@article{Green:1954,
  author   = {Green, A.},
  title    = {On the use of hodographs in problems plane plastic strain},
  journal  = {J. Mech. Phys. Solids},
  year     = {1954},
  volume   = {2},
  number   = {2},
  pages    = {73-80},
  language = {russian}
}

@book{Grigorev:1998,
  author   = {Григорьев, И. П.},
  title    = {Сдавливание круглого в плане пластического слоя шероховатыми плитами},
  year     = {1998},
  address  = {Чебоксары},
  pages    = {1-24},
  note     = {(Препр./ ЧГПУ им. И. Я.Яковлева)},
  language = {russian}
}

@article{Grigoryan:1981,
  author   = {Григорян, С. С.},
  title    = {Об одной задаче Л. Прандтля и теории течения пластического вещества по поверхностям},
  journal  = {Докл. АН СССР},
  year     = {1981},
  volume   = {257},
  number   = {5},
  pages    = {1075-1076},
  language = {russian}
}

@book{Gromov:1978,
  author    = {Громов, Н. П.},
  title     = {Теория обработки металлов давлением},
  year      = {1978},
  publisher = {Металлургия},
  address   = {М.},
  numpages  = {360},
  language  = {russian}
}

@book{Gubkin:1959,
  author    = {Губкин, С. И.},
  title     = {Основы теории обработки металлов давлением},
  year      = {1959},
  publisher = {Машгиз},
  address   = {М.},
  numpages  = {540},
  language  = {russian}
}

@book{Hill:1956,
  author    = {Хилл, Р.},
  title     = {Математическая теория пластичности},
  year      = {1956},
  publisher = {Гос. изд. технико-теоретической лит-ры},
  address   = {М.},
  numpages  = {407},
  language  = {russian}
}

@article{Ilyushin:1954,
  author   = {Ильюшин, А. А.},
  title    = {Вопросы теории течения пластического вещества по поверхностям},
  journal  = {Прикл. мат. и мех.},
  year     = {1954},
  volume   = {18},
  number   = {3},
  pages    = {265-388},
  language = {russian}
}

@article{Ilyushin:1955,
  author   = {Ильюшин, А. А.},
  title    = {Полная пластичность в процессах течения между жесткими поверхностями, аналогия с песчаной насыпью и некоторые приложения},
  journal  = {Прикл. мат. и мех.},
  year     = {1955},
  volume   = {19},
  number   = {6},
  pages    = {675-683},
  language = {russian}
}

@article{Ilyushin:1958,
  author   = {Ильюшин, А. А.},
  title    = {Некоторые вопросы теории пластического течения},
  journal  = {Изв. АН СССР. ОТН.},
  year     = {1958},
  number   = {2},
  pages    = {64-86},
  language = {russian}
}

@book{Ilyushin:2009,
  author    = {Ильюшин, А. А.},
  title     = {Труды. Моделирование динамических процессов в твердых телах и инженерные приложения},
  year      = {2009},
  publisher = {Физматлит},
  address   = {М.},
  volume    = {4},
  numpages  = {526},
  language  = {russian}
}

@article{Ishlinsky:1943a,
  author   = {Ишлинский, А. Ю.},
  title    = {Об устойчивости вязкопластического течения полосы и круглого прута},
  journal  = {Прикл. мат. и мех.},
  year     = {1943},
  volume   = {7},
  number   = {2},
  pages    = {109-130},
  language = {russian}
}

@article{Ishlinsky:1943b,
  author   = {Ишлинский, А. Ю.},
  title    = {Об устойчивости вязкопластического течения круглой пластины},
  journal  = {Прикл. мат. и мех.},
  year     = {1943},
  volume   = {7},
  number   = {6},
  pages    = {405-412},
  language = {russian}
}

@article{Ishlinsky:1958,
  author   = {Ишлинский, А. Ю.},
  title    = {Растяжение бесконечно длинной идеально-пластической полосы переменного сечения},
  journal  = {Докл. АН УССР},
  year     = {1958},
  address  = {Киев},
  number   = {1},
  pages    = {12-15},
  language = {russian}
}

@book{Ishlinsky:2001,
  author    = {Ишлинский, А. Ю. and Ивлев, Д. Д.},
  title     = {Математическая теория пластичности},
  year      = {2001},
  publisher = {Физматлит},
  address   = {М.},
  numpages  = {704},
  language  = {russian}
}

@article{Ivlev:1958a,
  author   = {Ивлев, Д. Д.},
  title    = {Об одном классе решений общих уравнений теории идеальной пластичности},
  journal  = {Изв. АН СССР. ОТН.},
  year     = {1958},
  number   = {1},
  pages    = {107-109},
  language = {russian}
}

@article{Ivlev:1958b,
  author   = {Ивлев, Д. Д.},
  title    = {Некоторые частные решения уравнений осесимметричной задачи теории идеальной пластичности и обобщения решения Прандтля о сжатии пластического слоя шероховатыми плитами},
  journal  = {Прикл. мат. и мех.},
  year     = {1958},
  volume   = {22},
  number   = {5},
  pages    = {673-678},
  language = {russian}
}

@article{Ivlev:1958c,
  author   = {Ивлев, Д. Д.},
  title    = {Об одном частном решении общих уравнений теории идеальной пластичности в цилиндрических координатах},
  journal  = {Докл. АН СССР},
  year     = {1958},
  volume   = {123},
  number   = {6},
  pages    = {1105-1108},
  language = {russian}
}

@article{Ivlev:1959,
  author   = {Ивлев, Д. Д.},
  title    = {Об одном частном решении общих уравнений теории идеальной пластичности в цилиндрических координатах при условии пластичности Треска},
  journal  = {Изв. АН СССР. ОТН. Мех. и машиностр.},
  year     = {1959},
  number   = {1},
  pages    = {132-133},
  language = {russian}
}

@book{Ivlev:1966,
  author    = {Ивлев, Д. Д.},
  title     = {Теория идеальной пластичности},
  year      = {1966},
  publisher = {Наука},
  address   = {М.},
  numpages  = {232},
  language  = {russian}
}

@article{Ivlev:1973,
  author   = {Ивлев, Д. Д.},
  title    = {Об одном обобщении решения Прандтля для сферического деформированного состояния},
  journal  = {Труды НИИ математики ВГУ},
  year     = {1973},
  address  = {Воронеж},
  number   = {10},
  pages    = {1-3},
  language = {russian}
}

@book{Ivlev:1978,
  author    = {Ивлев, Д. Д. and Ершов, Л. В.},
  title     = {Метод возмущений в теории упругопластического тела},
  year      = {1978},
  publisher = {Наука},
  address   = {М.},
  numpages  = {208},
  language  = {russian}
}

@article{Ivlev:1982,
  author   = {Ивлев, Д. Д. and Романов, А. В.},
  title    = {Об обобщении решения Прандтля в сферической системе координат},
  journal  = {Прикл. мат. и мех.},
  year     = {1982},
  volume   = {46},
  number   = {5},
  pages    = {869-871},
  language = {russian}
}

@article{Ivlev:1984a,
  author   = {Ивлев, Д. Д. and Романов, А. В.},
  title    = {Об одном точном неавтомодельном решении теории идеальной пластичности},
  journal  = {Докл. АН СССР},
  year     = {1984},
  volume   = {275},
  number   = {5},
  pages    = {1080-1083},
  language = {russian}
}

@incollection{Ivlev:1984b,
  author    = {Ивлев, Д. Д. and Романов, А. В.},
  title     = {Об одном классе точных неавтомодельных задач теории идеальной пластичности},
  booktitle = {Нелинейные модели и задачи механики деформируемого твердого тела},
  year      = {1984},
  publisher = {Наука},
  address   = {М.},
  pages     = {90-97},
  language  = {russian}
}

@article{Ivlev:1998,
  author   = {Ивлев, Д. Д.},
  title    = {О пространственном течении идеальнопластического материала, сжатого шероховатыми плитами},
  journal  = {Изв. РАН. МТТ},
  year     = {1998},
  number   = {1},
  pages    = {5-12},
  language = {russian}
}

@article{Ivlev:2000,
  author   = {Ивлев, Д. Д. and Григорьев, И. П.},
  title    = {О сдавливании круглого в плане идеально пластического слоя шероховатыми плитами},
  journal  = {Изв. РАН. МТТ},
  year     = {2000},
  number   = {1},
  pages    = {129-140},
  language = {russian}
}

@book{Ivlev:2001,
  author    = {Ивлев, Д. Д.},
  title     = {Механика пластических сред},
  year      = {2001},
  publisher = {Физматлит},
  address   = {М.},
  volumes   = {2},
  volume    = {1},
  numpages  = {448},
  language  = {russian}
}

@book{Ivlev:2002,
  author    = {Ивлев, Д. Д.},
  title     = {Механика пластических сред},
  year      = {2002},
  publisher = {Физматлит},
  address   = {М.},
  volumes   = {2},
  volume    = {2},
  numpages  = {448},
  language  = {russian}
}

@article{Kachanov:1954,
  author   = {Качанов, Л. М.},
  title    = {К задаче о деформации пластического слоя},
  journal  = {Докл. АН СССР},
  year     = {1954},
  volume   = {46},
  number   = {2},
  pages    = {211-214},
  language = {russian}
}

@article{Kachanov:1962,
  author   = {Качанов, Л. М.},
  title    = {К задаче о деформации пластического слоя},
  journal  = {Изв. АН СССР. ОТН. Мех. и машиностр.},
  year     = {1962},
  number   = {5},
  pages    = {920-923},
  language = {russian}
}

@book{Kachanov:1969,
  author    = {Качанов, Л. М.},
  title     = {Основы теории пластичности},
  year      = {1969},
  publisher = {Наука},
  address   = {М.},
  numpages  = {420},
  language  = {russian}
}

@article{Kiyko:1961,
  author   = {Кийко, И. А.},
  title    = {О воздействии сжатого пластического тонкого слоя на упругие поверхности},
  journal  = {Изв. АН СССР. ОТН. Мех. и машиностр.},
  year     = {1961},
  number   = {6},
  pages    = {1082-1085},
  language = {russian}
}

@article{Kiyko:1963,
  author   = {Кийко, И. А.},
  title    = {Деформация инструментов в процессах течения тонкого слоя пластического вещества},
  journal  = {Инженерный журнал},
  year     = {1963},
  volume   = {3},
  number   = {1},
  pages    = {115-126},
  language = {russian}
}

@article{Kiyko:1964,
  author   = {Кийко, И. А.},
  title    = {Вариационный принцип в задачах течения тонкого слоя пластического материала},
  journal  = {Докл. АН СССР},
  year     = {1964},
  volume   = {157},
  number   = {3},
  pages    = {551-554},
  language = {russian}
}

@book{Kiyko:1978,
  author    = {Кийко, И. А.},
  title     = {Теория пластического течения},
  year      = {1978},
  publisher = {Изд-во МГУ},
  address   = {М.},
  numpages  = {74},
  language  = {russian}
}

@incollection{Kiyko:1985,
  author    = {Кийко, И. А.},
  title     = {Пластические течения металлов},
  booktitle = {Научные основы прогрессивной техники и технологии},
  year      = {1985},
  publisher = {Машиностроение},
  address   = {М.},
  pages     = {102-133},
  language  = {russian}
}

@article{Kiyko:2003,
  author   = {Кийко, И. А. and Кадымов, Б. А.},
  title    = {Обобщения задачи Л. Прандтля о сжатии полосы},
  journal  = {Вестник МГУ. Сер. 1. Математика, механика.},
  year     = {2003},
  number   = {4},
  pages    = {50-56},
  language = {russian}
}

@book{Kolmogorov:2001,
  author    = {Колмогоров, В. Л.},
  title     = {Механика обработки металлов давлением},
  year      = {2001},
  publisher = {Изд-во Урал. гос. техн. ун-та},
  address   = {Екатеринбург},
  numpages  = {835},
  language  = {russian}
}

@book{Korolev:1969,
  author    = {Королев, А. А.},
  title     = {Конструкция и расчет машин и механизмов прокатных станков},
  year      = {1969},
  publisher = {Металлургия},
  address   = {М.},
  numpages  = {464},
  language  = {russian}
}

@article{Kuznetsov:1960,
  author   = {Кузнецов, А. И.},
  title    = {Задача о неоднородном пластическом слое},
  journal  = {Arch. Mech. Stos.},
  year     = {1960},
  volume   = {12},
  number   = {2},
  pages    = {163-172},
  language = {russian}
}

@article{Levi:1871,
  author   = {Levi, M.},
  title    = {Extrait du memoire sur les equantious generates de mouvements interieurs des corps solides dustiles au de lades limites ou l'elasticate pourrait les ramener a leur premier etat},
  journal  = {J. de Math oures et appl.},
  year     = {1871},
  series   = {2},
  volume   = {16},
  pages    = {369-372},
  language = {english}
}

@article{Matchenko:1973,
  author   = {Матченко, Н. М. and Толоконников, Л. А.},
  title    = {К теории плоского пластического течения ортотропных материалов},
  journal  = {Прикладная механика},
  year     = {1973},
  volume   = {9},
  number   = {6},
  pages    = {113-116},
  language = {russian}
}

@incollection{Matchenko:1974,
  author    = {Матченко, Н. М. and Фейгин, С. Д.},
  title     = {Об одном классе решений общих уравнений теории идеальной пластичности ортотропных материалов},
  booktitle = {Работы по механике сплошных сред},
  year      = {1974},
  publisher = {Изд-во Тульск. политех. ин-та},
  address   = {Тула},
  pages     = {165-172},
  language  = {russian}
}

@article{Maximova:1999,
  author   = {Максимова, Л. А.},
  title    = {О влиянии сдвигающих усилий на предельное состояние полосы, сжатой шероховатыми плитами},
  journal  = {Известия ИТА ЧР},
  year     = {1999},
  pages    = {17-19},
  language = {russian}
}

@book{Mihin:1968,
  author    = {Михин, Н. М.},
  title     = {Трение в условиях пластического контакта},
  year      = {1968},
  publisher = {Наука},
  address   = {М.},
  numpages  = {103},
  language  = {russian}
}

@book{Nadai:1954,
  author    = {Надаи, А.},
  title     = {Пластичность и разрушение твердых тел},
  year      = {1954},
  publisher = {Иностр. лит.},
  address   = {М.},
  volume    = {1},
  numpages  = {648},
  language  = {russian}
}

@book{Nadai:1969,
  author    = {Надаи, А.},
  title     = {Пластичность и разрушение твердых тел},
  year      = {1969},
  publisher = {Иностр. лит.},
  address   = {М.},
  volume    = {2},
  numpages  = {863},
  language  = {russian}
}

@article{Nepershin:1968,
  author   = {Непершин, Р. И.},
  title    = {Обобщения задачи Л. Прандтля о сжатии полосы},
  journal  = {Машиноведение},
  year     = {1968},
  number   = {1},
  pages    = {97-100},
  language = {russian}
}

@book{Pavlov:1950,
  author    = {Павлов, И. М.},
  title     = {Теория прокатки},
  year      = {1950},
  publisher = {Металлургиздат},
  address   = {М.},
  numpages  = {612},
  language  = {russian}
}

@book{Perlin:1964,
  author    = {Перлин, И. Л.},
  title     = {Теория прессования металлов},
  year      = {1964},
  publisher = {Металлургиздат},
  address   = {М.},
  numpages  = {344},
  language  = {russian}
}

@book{Prager:1956,
  author    = {Прагер, В. and Ходж, Ф. Г.},
  title     = {Теория идеально пластических тел},
  year      = {1956},
  publisher = {Иностр. лит.},
  address   = {М.},
  numpages  = {398},
  language  = {russian}
}

@incollection{Prandtl:1948,
  author    = {Прандтль, Л.},
  title     = {Примеры применения теоремы Генки к равновесию пластических тел},
  booktitle = {Теория пластичности},
  year      = {1948},
  publisher = {Иностр. лит.},
  address   = {М.},
  pages     = {102-113},
  language  = {russian}
}

@incollection{Romanov:1982,
  author    = {Романов, А. В.},
  title     = {Некоторые вопросы течения пластического материала сжатого шероховатыми плитами},
  booktitle = {Динамика сплошной среды с границами раздела},
  year      = {1982},
  publisher = {ЧувГУ},
  address   = {Чебоксары},
  pages     = {87-92},
  language  = {russian}
}

@article{Romanov:1984,
  author   = {Романов, А. В.},
  title    = {О некоторых частных решениях теории идеальной пластичности в цилиндрических координатах},
  journal  = {Изв. АН СССР. МТТ},
  year     = {1984},
  number   = {6},
  pages    = {157-159},
  language = {russian}
}

@incollection{Senashov:1977,
  author    = {Сенашов, С. И.},
  title     = {Групповые свойства уравнений идеальной пластичности с условием текучести Мизеса},
  booktitle = {Динамика сплошной среды. Ин-т гидродинамики СО АН СССР},
  year      = {1977},
  publisher = {Наука, Сибирское отделение},
  address   = {Новосибирск},
  pages     = {109-117},
  issue     = {28},
  language  = {russian}
}

@incollection{Senashov:1978,
  author    = {Сенашов, С. И.},
  title     = {Групповая классификация уравнений идеальной пластичности с условием текучести общего вида},
  booktitle = {Динамика сплошной среды. Ин-т гидродинамики СО АН СССР},
  year      = {1978},
  publisher = {Наука, Сибирское отделение},
  address   = {Новосибирск},
  pages     = {101-112},
  issue     = {37},
  language  = {russian}
}

@incollection{Senashov:1979,
  author    = {Сенашов, С. И.},
  title     = {Точные пространственные решения уравнений, описывающих пластическое течение анизотропных и неоднородных сред},
  booktitle = {Динамика сплошной среды. Ин-т гидродинамики СО АН СССР},
  year      = {1979},
  publisher = {Наука, Сибирское отделение},
  address   = {Новосибирск},
  pages     = {98-107},
  issue     = {43},
  language  = {russian}
}

@phdthesis{Senashov:1980a,
  author   = {Сенашов, С. И.},
  title    = {Групповые свойства и точные решения уравнений пространственных задач пластичности},
  year     = {1980},
  address  = {Новосибирск},
  school   = {Ин-т гидродинамики СО АН СССР},
  type     = {Дисс. канд. физ.-мат. наук},
  numpages = {140},
  language = {russian}
}

@article{Senashov:1980b,
  author   = {Сенашов, С. И.},
  title    = {Инвариантные решения пространственной задачи идеальной пластичности},
  journal  = {Журн. прикл. механики и техн. физики},
  year     = {1980},
  number   = {3},
  pages    = {159-163},
  language = {russian}
}

@article{Senashov:1984a,
  author   = {Сенашов, С. И.},
  title    = {Поля скоростей в задаче Прандтля о сжатии пластического слоя},
  journal  = {Журн. прикл. механики и техн. физики},
  year     = {1984},
  number   = {1},
  pages    = {155-156},
  language = {russian}
}

@article{Senashov:1984b,
  author   = {Сенашов, С. И.},
  title    = {Одно точное решение пространственной задачи идеальной пластичности},
  journal  = {Журн. прикл. механики и техн. физики},
  year     = {1984},
  number   = {4},
  pages    = {153-155},
  language = {russian}
}

@book{Sokolovskiy:1969,
  author    = {Соколовский, В. В.},
  title     = {Теория пластичности},
  year      = {1969},
  publisher = {Высшая школа},
  address   = {М.},
  edition   = {3},
  numpages  = {608},
  language  = {russian}
}

@book{Storozhev:1977,
  author    = {Сторожев, М. И. and Попов, Е. А.},
  title     = {Теория обработки металлов давлением},
  year      = {1977},
  publisher = {Машиностроение},
  address   = {М.},
  numpages  = {423},
  language  = {russian}
}

@article{Tarlakovskiy:2018,
  author   = {Михайлова, Е. Ю. and Тарлаковский, Д. В. and Федотенков, Г. В.},
  title    = {Обобщенная линейная модель динамики тонких упругих оболочек},
  journal  = {Учен. зап. Казан. ун-та. Сер. Физ-матем. науки},
  year     = {2018},
  volume   = {160},
  number   = {3},
  pages    = {561-577},
  language = {russian}
}

@book{Tarnovsky:1963,
  author    = {Тарновский, И. Я.},
  title     = {Теория обработки металлов давлением},
  year      = {1963},
  publisher = {Металлургиздат},
  address   = {М.},
  numpages  = {672},
  language  = {russian}
}

@book{Todhunter:1893,
  author    = {Todhunter, I. and Pearson, K.},
  title     = {A History of the Theory of Elasticity and of the Strength of Materials: From Galilei to the Present Time},
  year      = {1893},
  publisher = {University Press},
  volume    = {2},
  numpages  = {759},
  language  = {english}
}

@book{Tomlenov:1963,
  author    = {Томленов, А. Д.},
  title     = {Механика процессов обработки металлов давлением},
  year      = {1963},
  publisher = {Машгиз},
  address   = {М.},
  numpages  = {235},
  language  = {russian}
}

@book{Tomlenov:1972,
  author    = {Томленов, А. Д.},
  title     = {Теория пластического деформирования металлов},
  year      = {1972},
  publisher = {Металлургия},
  address   = {М.},
  numpages  = {408},
  language  = {russian}
}

@book{Tomsen:1965,
  author    = {Tomsen, E. C. and Yang, Ch. T. and Kabayaschi, S.},
  title     = {Mechanics of Plastic Deformation in Metal Processing},
  year      = {1965},
  publisher = {Macmillan},
  address   = {N.Y.},
  numpages  = {486},
  language  = {english}
}

@article{Tretyakov:1962,
  author   = {Третьяков, М. Е.},
  title    = {О калибровке плоских заготовок и деталей},
  journal  = {Кузнечно-штамповочное производство},
  year     = {1962},
  number   = {4},
  pages    = {69-71},
  language = {russian}
}

@incollection{Tretyakov:1965,
  author    = {Третьяков, М. Е.},
  title     = {Упругие деформации в процессах пластического формоизменения},
  booktitle = {Исследование процессов пластической деформации металлов},
  year      = {1965},
  publisher = {Наука},
  address   = {М.},
  pages     = {31-34},
  language  = {russian}
}

@incollection{Tretyakov:1966a,
  author    = {Третьяков, М. Е. and Луговской, В. М.},
  title     = {Упругопластическое сжатие тонкой полосы между плоскими жесткими плитами},
  booktitle = {Расчеты процессов пластического формоизменения металлов},
  year      = {1966},
  publisher = {Изд-во АН СССР},
  address   = {М.},
  pages     = {48-51},
  language  = {russian}
}

@article{Tretyakov:1966b,
  author   = {Третьяков, М. Е. and Еленев, С. А.},
  title    = {Анализ процесса пластического сжатия тонких заготовок из упрочняющегося материала},
  journal  = {Машиноведение},
  year     = {1966},
  number   = {1},
  pages    = {65-68},
  language = {russian}
}

@incollection{Tretyakov:1967,
  author    = {Третьяков, М. Е. and Еленев, С. А.},
  title     = {Влияние упрочнения в процессах пластического сжатия тонкой полосы},
  booktitle = {Пластическое формоизменение металлов},
  year      = {1967},
  publisher = {Наука},
  address   = {М.},
  pages     = {68-72},
  language  = {russian}
}

@incollection{Tretyakov:1968,
  author    = {Третьяков, М. Е.},
  title     = {Исследование процессов пластического формоизменения с учетом упругих деформаций инструмента и изделия},
  booktitle = {Пластическое течение металлов},
  year      = {1968},
  publisher = {Наука},
  address   = {М.},
  pages     = {25-36},
  language  = {russian}
}

@incollection{Tretyakov:1973,
  author    = {Третьяков, М. Е.},
  title     = {Упругопластическое сжатие тонкой пластически упрочняющейся полосы},
  booktitle = {Расчеты процессов пластического течения металлов},
  year      = {1973},
  publisher = {Наука},
  address   = {М.},
  pages     = {21-37},
  language  = {russian}
}

@incollection{Tretyakov:1974,
  author    = {Третьяков, М. Е.},
  title     = {Упругопластическое сжатие тонкой упрочняющейся полосы при наличии площадки текучести},
  booktitle = {Пластическое деформирование металлов},
  year      = {1974},
  publisher = {Наука},
  address   = {М.},
  pages     = {14-19},
  language  = {russian}
}

@book{Tselikov:1965,
  author    = {Целиков, А. И.},
  title     = {Основы теории прокатки},
  year      = {1965},
  publisher = {Металлургия},
  address   = {М.},
  numpages  = {248},
  language  = {russian}
}

@phdthesis{Tselistova:1999,
  author   = {Целистова, А. А.},
  title    = {Задачи определения предельного состояния слоя из идеального сжимаемого жесткопластического материала, сжатого шероховатыми плитами},
  year     = {1999},
  address  = {Чебоксары},
  school   = {ЧГПУ им И. Я. Яковлева},
  type     = {Дисс. канд. физ.-мат. наук},
  numpages = {71},
  language = {russian}
}

@phdthesis{Tselistova:2000,
  author   = {Целистова, Е. А.},
  title    = {Некоторые задачи определения напряженно-деформированного состояния слоя из неоднородного идеальнопластического материала¸ сжатого шероховатыми плитами},
  year     = {2000},
  address  = {Чебоксары},
  school   = {ЧГПУ им И. Я. Яковлева},
  type     = {Дисс. канд. физ.-мат. наук},
  numpages = {90},
  language = {russian}
}

@book{Unksov:1955,
  author    = {Унксов, Е. П.},
  title     = {Инженерные методы расчета усилий при обработке металлов давлением},
  year      = {1955},
  publisher = {Машгиз},
  address   = {М.},
  numpages  = {280},
  language  = {russian}
}

@article{Zadoyan:1964a,
  author   = {Задоян, М. А.},
  title    = {Частное решение уравнений теории идеальной пластичности в цилиндрических координатах},
  journal  = {Докл. АН СССР},
  year     = {1964},
  volume   = {157},
  number   = {1},
  pages    = {73-75},
  language = {russian}
}

@article{Zadoyan:1964b,
  author   = {Задоян, М. А.},
  title    = {Об одном частом решении уравнений теории идеальной пластичности},
  journal  = {Докл. АН СССР},
  year     = {1964},
  volume   = {156},
  number   = {1},
  pages    = {38-39},
  language = {russian}
}

@article{Zadoyan:1964c,
  author   = {Задоян, М. А.},
  title    = {Об одном частном решении уравнений теории идеальной пластичности},
  journal  = {Докл. АН Арм. ССР},
  year     = {1964},
  volume   = {39},
  number   = {5},
  pages    = {265-269},
  language = {russian}
}

@article{Zadoyan:1964d,
  author   = {Задоян, М. А.},
  title    = {О пространственном напряженном состоянии пластического слоя, сжатого между шероховатыми плитами},
  journal  = {Изв. АН Арм. ССР. Сер. физ.-мат. н.},
  year     = {1964},
  volume   = {17},
  number   = {4},
  pages    = {63-70},
  language = {russian}
}

@article{Zadoyan:1966a,
  author   = {Задоян, М. А.},
  title    = {Плоское и осесимметричное течение пластической массы между шероховатыми подвижными поверхностями},
  journal  = {Изв. АН Арм. ССР. Сер. механика},
  year     = {1966},
  volume   = {19},
  number   = {5},
  pages    = {22-36},
  language = {russian}
}

@article{Zadoyan:1966b,
  author   = {Задоян, М. А.},
  title    = {О некоторых решениях уравнений пластического течения анизотропной среды},
  journal  = {Изв. АН СССР. МТТ},
  year     = {1966},
  number   = {2},
  pages    = {91-96},
  language = {russian}
}

@article{Zadoyan:1981,
  author   = {Задоян, М. А.},
  title    = {Об одном классе решений плоской динамической задачи теории пластичности},
  journal  = {Докл. АН СССР},
  year     = {1981},
  volume   = {260},
  number   = {1},
  pages    = {47-50},
  language = {russian}
}

@article{Zadoyan:1983a,
  author   = {Задоян, М. А.},
  title    = {Упругопластическое состояние конической трубы},
  journal  = {Докл. АН СССР},
  year     = {1983},
  volume   = {271},
  number   = {1},
  pages    = {56-60},
  language = {russian}
}

@article{Zadoyan:1983b,
  author   = {Задоян, М. А.},
  title    = {Пластическое течение конусообразных тел},
  journal  = {Прикл. мат. и мех.},
  year     = {1983},
  volume   = {47},
  number   = {2},
  pages    = {209-219},
  language = {russian}
}

@book{Zadoyan:1992,
  author    = {Задоян, М. А.},
  title     = {Пространственные задачи теории пластичности},
  year      = {1992},
  publisher = {Наука},
  address   = {М.},
  numpages  = {384},
  language  = {russian}
}

@article{Zvyagin:1990,
  author   = {Богданов, В. И. and Звягин, А. В.},
  title    = {Штамповка взрывом},
  journal  = {Вестник МГУ. Сер. 1. Математика, механика.},
  year     = {1990},
  number   = {2},
  pages    = {42-46},
  language = {russian}
}